%% This BibTeX bibliography file was created using BibDesk.
%% http://bibdesk.sourceforge.net/

%% Created for Carsten LÃ¼th at 2018-11-26 18:12:00 +0100 


%% Saved with string encoding Unicode (UTF-8) 



@book{Goodfellow,
	Author = {Ian Goodfellow and Yoshua Bengio and Aaron Courville},
	Note = {\url{http://www.deeplearningbook.org}},
	Publisher = {MIT Press},
	Title = {Deep Learning},
	Year = {2016}}

@article{3D_Orientation_Learning,
	Author = {Sundermeyer, Martin and Marton, Zoltan-Csaba and Durner, Maximilian and Brucker, Manuel and Triebel, Rudolph},
	Booktitle = {The European Conference on Computer Vision (ECCV)},
	Date-Modified = {2018-11-26 18:11:46 +0100},
	Month = {September},
	Title = {Implicit 3D Orientation Learning for 6D Object Detection from RGB Images},
	Year = {2018},
	Bdsk-File-1 = {YnBsaXN0MDDSAQIDBFxyZWxhdGl2ZVBhdGhZYWxpYXNEYXRhXxAtU291cmNlcy9JbXBsaWNpdF8zRF9PcmllbnRhdGlvbl9FQ0NWXzIwMTgucGRmTxEBygAAAAABygACAAAKT2huZSBUaXRlbAAAAAAAAAAAAAAAAAAAAAAAAAAAAEJEAAH/////H0ltcGxpY2l0XzNEX09yaWVudCNGRkZGRkZGRi5wZGYAAAAAAAAAAAAAAAAAAAAAAAAAAAAAAAAAAAAAAAAAAP////8AAAAAAAAAAAAAAAAAAQADAAAKIGN1AAAAAAAAAAAAAAAAAAdTb3VyY2VzAAACAFMvOlVzZXJzOkNhcnN0ZW46RG9jdW1lbnRzOkxhVGV4OjZELUFFOlNvdXJjZXM6SW1wbGljaXRfM0RfT3JpZW50YXRpb25fRUNDVl8yMDE4LnBkZgAADgBMACUASQBtAHAAbABpAGMAaQB0AF8AMwBEAF8ATwByAGkAZQBuAHQAYQB0AGkAbwBuAF8ARQBDAEMAVgBfADIAMAAxADgALgBwAGQAZgAPABYACgBPAGgAbgBlACAAVABpAHQAZQBsABIAUVVzZXJzL0NhcnN0ZW4vRG9jdW1lbnRzL0xhVGV4LzZELUFFL1NvdXJjZXMvSW1wbGljaXRfM0RfT3JpZW50YXRpb25fRUNDVl8yMDE4LnBkZgAAEwABLwAAFQACAA7//wAAAAgADQAaACQAVAAAAAAAAAIBAAAAAAAAAAUAAAAAAAAAAAAAAAAAAAIi}}
